@article{RLC,
title = "Chapter 8 Natural and Step Responses of RLC Circuits",
pages = "46-49",
author = "National Tsing Hua University"
journal = "http://www.ee.nthu.edu.tw/~sdyang/Courses/Circuits/Ch08_Std.pdf"
}

@article{matplotlib,
title = "Animations using Matplotb",
journal = "http://matplotlib.org/1.4.1/examples/animation/index.html"
}
